@misc{cryptoeprint:2014:747,
    author = {{Siwei Sun, Lei Hu, Meiqin Wang, Peng Wang, Kexin Qiao, Xiaoshuang Ma, Danping Shi, Ling Song, Kai Fu}},
    title = {{Towards Finding the Best Characteristics of Some Bit-oriented Block Ciphers and Automatic Enumeration of (Related-key) Differential and Linear Characteristics with Predefined Properties}},
    howpublished = {Cryptology ePrint Archive, Report 2014/747},
    year = {2014},
    note = {\url{http://eprint.iacr.org/2014/747}},
}

@inproceedings{DESL,
	title={{New lightweight DES variants}},
	author={Leander, Gregor and Paar, Christof and Poschmann, Axel and Schramm, Kai},
	booktitle={Fast Software Encryption},
	pages={196--210},
	year={2007},
	organization={Springer}
}

%%%%%%%%%%%%% 2014-12-24 %%%%%%%%%%%%%%
@misc{SMT-2,
    author = {{Stefan K\"{o}lbl}},
    title = {{CryptoSMT -- an easy to use tool for cryptanalysis of symmetric primitives likes block ciphers or hash functions}},
    note = {\url{https://github.com/kste/cryptosmt}},
} 

@incollection{improve_matsui_1995,
  title={Improving the search algorithm for the best linear expression},
  author={Ohta, Kazuo and Moriai, Shiho and Aoki, Kazumaro},
  booktitle={Advances in Cryptology—CRYPT0’95},
  pages={157--170},
  year={1995},
  publisher={Springer}
}

@inproceedings{improve_matsui_1997,
  title={Best differential characteristic search of FEAL},
  author={Aoki, Kazumaro and Kobayashi, Kunio and Moriai, Shiho},
  booktitle={Fast Software Encryption},
  pages={41--53},
  year={1997},
  organization={Springer}
}


@inproceedings{improve_matsui_2014,
  title={{Speeding up the Search Algorithm for the Best Differential and Best Linear Trails}},
  author={{Zhenzhen Bao, Wentao Zhang, Dongdai Lin}},
  booktitle={Inscrypt 2014},
  year={2014},
}
%%%%%%%%%%%%% 2014-12-24 %%%%%%%%%%%%%%


@incollection{abdelraheem2013estimating,
  title={Estimating the probabilities of low-weight differential and linear approximations on PRESENT-like ciphers},
  author={Abdelraheem, Mohamed Ahmed},
  booktitle={Information Security and Cryptology--ICISC 2012},
  pages={368--382},
  year={2013},
  publisher={Springer}
}


@article{balas1972canonical,
  title={Canonical cuts on the unit hypercube},
  author={Balas, Egon and Jeroslow, Robert},
  journal={SIAM Journal on Applied Mathematics},
  volume={23},
  number={1},
  pages={61--69},
  year={1972},
  publisher={SIAM}
}

@inproceedings{impossible_dc_asiacrypt,
  title={{Scrutinizing and Improving Impossible Differential Attacks: Applications to CLEFIA, Camellia, LBlock and Simon (Full Version)}},
  author={{Christina Boura, María Naya-Plasencia, Valentin Suder}},
  booktitle={Advances in Cryptology--ASIACRYPT 2014},
  year={2014},
}

@incollection{new_linear_simon,
year={2014},
title={Improved Linear Cryptanalysis of Round Reduced {SIMON}},
note={\url{http://eprint.iacr.org/2014/681.pdf}},
publisher={IACR Cryptology ePrint Archive, Reprot 2014/681},
author={{Javad Alizadeh, Hoda A. Alkhzaimi, Mohammad Reza Aref, Nasour Bagheri, Praveen Gauravaram, and Martin M.Lauridsen
}},
language={English}
}

@inproceedings{RK_SIMON_FSE,
	title={Differential Cryptanalysis of round-reduced {SIMON} and {SPECK}},
	author={{Farzaneh Abed, Eik List, Jakob Wenzel and Stefan Lucks}},
	booktitle={{Fast Software Encryption -- FSE 2014}},
	year={2014},
}


@article{bound_wang,
	author = {{Xiaoyun Wang and L. C. K. Hui etc}},
	title = {Differential Cryptanalysis of an {AES} finalist-{S}erpent},
	year = {2000},
	publisher={Citeseer}
}


@misc{Minalpher_AE,
	author = {{Yu Sasaki, Yosuke Todo, Kazumaro Aoki, Yusuke Naito, Takeshi Sugawara, Yumiko Murakami, Mitsuru Matsui and Shoichi Hirose}},
	title = {Minalpher v1},
	howpublished = {CAESAR submission},
	year = {2014},
	note = {\url{http://competitions.cr.yp.to/round1/minalpherv1.pdf}},
}

@misc{PROSTV1_AE,
    title = {PR$\varnothing$ST v1},
    author = {{Elif Bilge Kavun, Martin M. Lauridsen, Gregor Leander, Christian Rechberger, Peter Schwabe and Tolga Yalcin}},
    howpublished = {CAESAR submission},
    year = {2014},
    note = {\url{http://competitions.cr.yp.to/round1/proestv1.pdf}},
}


@misc{PRIMATEs_AE,
	author = {{Elena Andreeva, Beg\"{u}l Bilgin, Andrey Bogdanov, Atul Luykx, Florian Mendel, Bart Mennink, Nicky Mouha, Qingju Wang and Kan Yasuda}},
	title = {{PRIMATEs} v1},
	howpublished = {CAESAR submission},
	year = {2014},
	note = {\url{http://competitions.cr.yp.to/round1/primatesv1.pdf}},
}


@inproceedings{Tweaking_AES,
	title={Tweaking {AES}},
	author={{Ivica Nikolic}},
	booktitle={Selected Areas in Cryptography},
	year={2010},
	pages={198--210},
	organization={Springer}
	}


@article{lingsan,
  title={The resistance of {PRESENT}-80 against related-key differential attacks},
  author={{Sareh Emami, San Ling, Ivica Nikoli{\'c}, Josef Pieprzyk and Huaxiong Wang}},
  journal={Cryptography and Communications},
  pages={1--17},
  year={2013},
  publisher={Springer}
}

@misc{wang_attack_simon,
  title={Improved differential attacks on reduced {SIMON} versions},
  author={{Ning Wang, Xiaoyun Wang, Keting Jia and Jingyuan Zhao}},
  howpublished={IACR Cryptology ePrint Archive, Report 2014/448},
  year={2014},
  note={\url{http://eprint. iacr. org/2014/448}}
}


@incollection{links,
year={2014},
booktitle={Advances in Cryptology--EUROCRYPT 2014},
title={Links between Truncated Differential and Multidimensional Linear Properties of Block Ciphers and Underlying Attack Complexities},
author={{C{\'e}line Blondeau and Kaisa Nyberg}},
pages={165-182},
publisher={Springer}
}


@incollection{statistical-saturation,
  title={A statistical saturation attack against the block cipher {PRESENT}},
  author={{Baudoin Collard and  Francois-Xavier Standaert}},
  booktitle={Topics in Cryptology--CT-RSA 2009},
  pages={195--210},
  year={2009},
  publisher={Springer}
}

@incollection{sieve,
  title={Sieve-in-the-middle: improved {MITM} attacks},
  author={{Anne Canteaut, Mar{\'i}a Naya-Plasencia and Bastien Vayssi{\`e}re}},
  booktitle={Advances in Cryptology--CRYPTO 2013},
  pages={222--240},
  year={2013},
  publisher={Springer}
}

@incollection{biclique,
  title={Biclique cryptanalysis of the full {AES}},
  author={{Andrey Bogdanov, Dmitry Khovratovich, and Christian Rechberger}},
  booktitle={Advances in Cryptology--ASIACRYPT 2011},
  pages={344--371},
  year={2011},
  publisher={Springer}
}

@inproceedings{rebound,
  title={The rebound attack: Cryptanalysis of reduced {W}hirlpool and {G}r{\o}stl},
  author={{Florian Mendel, Christian Rechberger, Martin Schl{\"a}ffer and  S{\o}ren S. Thomsen}},
  booktitle={Fast Software Encryption},
  pages={260--276},
  year={2009},
  organization={Springer}
}



@inproceedings{multi-linear0,
  title={On multiple linear approximations},
  author={{Alex Biryukov, Christophe De Canniere and Micha{\"e}l Quisquater}},
  booktitle={Advances in Cryptology--CRYPTO 2004},
  pages={1--22},
  year={2004},
  organization={Springer}
}

@inproceedings{multi-linear1,
  title={Linear cryptanalysis using multiple approximations},
  author={{Burton S. Kaliski Jr. and Matthew J. B. Robshaw}},
  booktitle={Advances in Cryptology--CRYPTO 1994},
  pages={26--39},
  year={1994},
  organization={Springer}
}

@misc{multi-linear2,
  title={Linear Cryptanalysis Using Multiple Linear Approximations.},
  author={{Miia Hermelin and Kaisa Nyberg}},
  howpublished={IACR Cryptology ePrint Archive, Report 2011/93},
  note={\url{https://eprint.iacr.org/2011/093}},
  year={2011}
}


@inproceedings{multi-linear3,
  title={Multidimensional linear cryptanalysis of reduced round {S}erpent},
  author={{Miia Hermelin, Joo Yeon Cho and Kaisa Nyberg}},
  booktitle={Information Security and Privacy},
  pages={203--215},
  year={2008},
  organization={Springer}
}

@inproceedings{multi-linear4,
  title={Multidimensional extension of {M}atsui’s algorithm 2},
  author={{Miia Hermelin, Joo Yeon Cho and Kaisa Nyberg}},
  booktitle={Fast Software Encryption},
  pages={209--227},
  year={2009},
  organization={Springer}
}


@inproceedings{DL_attack,
  title={Differential-linear cryptanalysis},
  author={{Susan K. Langford and Martin E. Hellman}},
  booktitle={Advances in Cryptology--CRYPTO 1994},
  pages={17--25},
  year={1994},
  organization={Springer}
}


@inproceedings{Multi-Diff0,
  title={Multiple differential cryptanalysis: Theory and practice},
  author={{C{\'e}line Blondeau and Beno{\^\i}t G{\'e}rard}},
  booktitle={Fast Software Encryption},
  pages={35--54},
  year={2011},
  organization={Springer}
}

@incollection{Multi-Diff1,
  title={Multiple differential cryptanalysis using {LLR} and $\chi^2$  statistics},
  author={{C{\'e}line Blondeau, Beno{\^\i}t G{\'e}rard and Kaisa Nyberg}},
  booktitle={Security and Cryptography for Networks},
  pages={343--360},
  year={2012},
  publisher={Springer}
}

@inproceedings{Multi-Diff2,
  title={Multiple Differential Cryptanalysis of Round-Reduced {PRINCE}},
  author={{Anne Canteaut, Thomas Fuhr, Henri Gilbert, Mar{\'i}a Naya-Plasencia and Jean-Ren{\'e} Reinhard}},
  booktitle={Fast Software Encryption},
  year={2014},
  publisher={Springer}
}

@misc{Multi-Diff3,
    author = {{Anne Canteaut, Thomas Fuhr, Henri Gilbert, Mar{\'i}a Naya-Plasencia and Jean-Ren{\'e} Reinhard}},
    title = {Multiple Differential Cryptanalysis of Round-Reduced {PRINCE} (full version)},
    howpublished = {IACR Cryptology ePrint Archive, Report 2014/089},
    year = {2014},
    note = {\url{http://eprint.iacr.org/2014/089}},
}




@article{DEAL,
  title={{DEAL}-a 128-bit block cipher},
  author={{Lars Knudsen}},
  journal={Complexity},
  volume={258},
  number={2},
  year={1998},
  publisher={Citeseer}
}

@incollection{prob_higher_order,
  title={Probabilistic higher order differential attack and higher order bent functions},
  author={{Tetsu Iwata and Kaoru Kurosawa}},
  booktitle={Advances in Cryptology--ASIACRYPT 1999},
  pages={62--74},
  year={1999},
  publisher={Springer}
}


@incollection{LH1,
  title={On the distribution of linear biases: Three instructive examples},
  author={{Mohamed Ahmed Abdelraheem, Martin {\AA}gren, Peter Beelen and Gregor Leander}},
  booktitle={Advances in Cryptology--CRYPTO 2012},
  pages={50--67},
  year={2012},
  publisher={Springer}
}

@incollection{LH2,
  title={On linear hulls, statistical saturation attacks, {PRESENT} and a cryptanalysis of {PUFFIN}},
  author={{Gregor Leander}},
  booktitle={Advances in Cryptology--EUROCRYPT 2011},
  pages={303--322},
  year={2011},
  publisher={Springer}
}

@incollection{LH3,
  title={Linear (hull) and algebraic cryptanalysis of the block cipher {PRESENT}},
  author={{Jorge Nakahara Jr, Pouyan Sepehrdad, Bingsheng Zhang and Meiqin Wang}},
  booktitle={Cryptology and Network Security},
  pages={58--75},
  year={2009},
  publisher={Springer}
}

@inproceedings{LH4,
  title={Weak keys of reduced-round {PRESENT} for linear cryptanalysis},
  author={{Kenji Ohkuma}},
  booktitle={Selected Areas in Cryptography},
  pages={249--265},
  year={2009},
  organization={Springer}
}

@article{LH5,
  title={More on linear hulls of {PRESENT}-like ciphers and a cryptanalysis of full-round {EPCBC}--96},
  author={{Stanislav Bulygin}},
  journal={IACR Cryptology ePrint Archive, Report 2013/028},
  year={2013},
  note={\url{https://eprint.iacr.org/2013/028}}
}

@article{LH6,
  title={The effectiveness of the linear hull effect},
  author={{Sean Murphy}},
  journal={J. Mathematical Cryptology},
  volume={6},
  number={2},
  pages={137--147},
  year={2012}
}


@inproceedings{Linear_Hull_Def,
  title={Linear approximation of block ciphers},
  author={{Kaisa Nyberg}},
  booktitle={Advances in Cryptology--EUROCRYPT 1994},
  pages={439--444},
  year={1995},
  organization={Springer}
}

@inproceedings{Amplified_Boom_Serpent,
  title={Amplified boomerang attacks against reduced-round {MARS} and {S}erpent},
  author={{John Kelsey, Tadayoshi Kohno and Bruce Schneier}},
  booktitle={Fast Software Encryption},
  pages={75--93},
  year={2001},
  organization={Springer}
}


@incollection{Truc_LBlock,
  title={Improved related-key differential attacks on reduced-round {LB}lock},
  author={{Shusheng Liu, Zheng Gong and Libin Wang}},
  booktitle={Information and Communications Security},
  pages={58--69},
  year={2012},
  publisher={Springer}
}


@inproceedings{Wangmeiqin_StructureAttack,
  title={A model for structure attacks, with applications to {PRESENT} and {S}erpent},
  author={{Meiqin Wang, Yue Sun, Elmar Tischhauser and Bart Preneel}},
  booktitle={Fast Software Encryption},
  pages={49--68},
  year={2012},
  organization={Springer}
}

@incollection{Wangmeiqin_ICEBERG,
  title={Differential cryptanalysis of reduced-round {ICEBERG}},
  author={{Yue Sun, Meiqin Wang, Shujia Jiang and Qiumei Sun}},
  booktitle={Progress in Cryptology--AFRICACRYPT 2012},
  pages={155--171},
  year={2012},
  publisher={Springer}
}

@article{Computational_Geomertry,
  title={Computational Geometry: Algorithms and Applications, 2000},
  author={{Mark de Berg, Marc van Kreveld, Mark Overmars and Otfried Schwarzkopf}},
  publisher={Springer}
}

@misc{Linear_Attack_SMS4,
    author = {{Mingjie Liu and Jiazhe Chen}},
    title = {Improved Linear Attacks on the {C}hinese Block Cipher Standard},
    howpublished = {IACR Cryptology ePrint Archive, Report 2013/626},
    year = {2013},
    note = {\url{http://eprint.iacr.org/2013/626}},
}

@inproceedings{Linear_Attack,
  title={A new method for known plaintext attack of {FEAL} cipher},
  author={{Mitsuru Matsui and Atsuhiro Yamagishi}},
  booktitle={Advances in Cryptology--EUROCRYPT 1992},
  pages={81--91},
  year={1993},
  organization={Springer}
}

@inproceedings{alex_attack_SIMON,
  title={Differential Analysis of Block Ciphers {SIMON} and {SPECK}},
  author={{Alex Biryukov, Arnab Roy and Vesselin Velichkov}},
  booktitle={Fast Software Encryption},
  year={2014},
  publisher={Springer}
}



@misc{alkhza_attack_SIMON,
  title={Cryptanalysis of the {SIMON} family of block ciphers},
  author={{Hoda A. Alkhzaimi and Martin M. Lauridsen}},
  howpublished={IACR Cryptology ePrint Archive, Report 2013/543},
  year={2013},
  note={\url{http://eprint. iacr. org/2013/543}}
}

@misc{ja_attack_SIMON,
    author = {{Javad Alizadeh, Nasour Bagheri, Praveen Gauravaram, Abhishek Kumar, and Somitra Kumar Sanadhya}},
    title = {Linear Cryptanalysis of Round Reduced {SIMON}},
    howpublished = {IACR Cryptology ePrint Archive, Report 2013/663},
    year = {2013},
    note = {\url{http://eprint.iacr.org/2013/663}},
}

@misc{RK_SIMON,
    author = {{Farzaneh Abed, Eik List, Stefan Lucks and Jakob Wenzel}},
    title = {Differential and Linear Cryptanalysis of Reduced-Round {SIMON}},
    howpublished = {IACR Cryptology ePrint Archive, Report 2013/526},
    year = {2013},
    note = {\url{http://eprint.iacr.org/2013/526}},
}

@inproceedings{Matsui,
  title={On correlation between the order of {S-boxes} and the strength of {DES}},
  author={{Mitsuru Matsui}},
  booktitle={Advances in Cryptology--EUROCRYPT 1994},
  pages={366--375},
  year={1995},
  organization={Springer}
}

@inproceedings{Boomerang_PRESENT,
  title={Lightweight block ciphers revisited: Cryptanalysis of reduced round {PRESENT} and {HIGHT}},
  author={{Onur {\"O}zen, Kerem Var{\i}c{\i}, Cihangir Tezcan and {\c{C}}elebi Kocair}},
  booktitle={Information Security and Privacy},
  pages={90--107},
  year={2009},
  organization={Springer}
}

@incollection{ARX_auto_1,
  title={Construction of differential characteristics in {ARX} designs application to Skein},
  author={Leurent, Ga{\"e}tan},
  booktitle={Advances in Cryptology--CRYPTO 2013},
  pages={241--258},
  year={2013},
  publisher={Springer}
}

@inproceedings{ARX_auto_2,
  title={Efficient algorithms for computing differential properties of addition},
  author={Lipmaa, Helger and Moriai, Shiho},
  booktitle={Fast Software Encryption},
  pages={336--350},
  year={2002},
  organization={Springer}
}

@inproceedings{ARX_auto_3,
  title={On the additive differential probability of exclusive-or},
  author={Lipmaa, Helger and Wall{\'e}n, Johan and Dumas, Philippe},
  booktitle={Fast Software Encryption},
  pages={317--331},
  year={2004},
  organization={Springer}
}

@inproceedings{Lai1991markov,
  title={Markov ciphers and differential cryptanalysis},
  author={{Xuejia Lai, James L. Massey and Sean Murphy}},
  booktitle={Advances in Cryptology--EUROCRYPT 1991},
  pages={17--38},
  year={1991},
  organization={Springer}
}

@article{HT_tech,
  title={Hyper-Threading Technology Architecture and Microarchitecture.},
  author={Marr, Deborah T and Binns, Frank and Hill, David L and Hinton, Glenn and Koufaty, David A and Miller, J Alan and Upton, Michael},
  journal={Intel Technology Journal},
  volume={6},
  number={1},
  year={2002}
}

@incollection{FIDESS,
  title={Fides: Lightweight authenticated cipher with side-channel resistance for constrained hardware},
  author={{Beg{\"u}l Bilgin, Andrey Bogdanov, Miroslav Kne{\v{z}}evi{\'c}, Florian Mendel and Qingju Wang}},
  booktitle={Cryptographic Hardware and Embedded Systems},
  pages={142--158},
  year={2013},
  publisher={Springer}
}

@incollection{LSFA,
  title={Leaked-State-Forgery Attack against the Authenticated Encryption Algorithm {ALE}},
  author={{Shengbao Wu, Hongjun Wu, Tao Huang, Mingsheng Wang and Wenling Wu}},
  booktitle={Advances in Cryptology--ASIACRYPT 2013},
  pages={377--404},
  year={2013},
  publisher={Springer}
}



@misc{Deoxys_AE,
    author = {{J{\'e}r{\'e}my Jean, Ivica Nikoli{\'c} and Thomas Peyrin}},
    title = {Deoxys v1},
    howpublished = {CAESAR submission},
    year = {2014},
    note = {\url{http://competitions.cr.yp.to/round1/deoxysv1.pdf}},
}

@misc{Joltik_AE,
    author = {{J{\'e}r{\'e}my Jean, Ivica Nikoli{\'c} and Thomas Peyrin}},
    title = {Joltik v1},
    howpublished = {CAESAR submission},
    year = {2014},
    note = {\url{http://competitions.cr.yp.to/round1/joltikv1.pdf}},
}

@misc{KIASU_AE,
    author = {{J{\'e}r{\'e}my Jean, Ivica Nikoli{\'c} and Thomas Peyrin}},
    title = {KIASU v1},
    howpublished = {CAESAR submission},
    year = {2014},
    note = {\url{http://competitions.cr.yp.to/round1/kiasuv1.pdf}},
}



@incollection{LED,
  title={The {LED} block cipher},
  author={{Jian Guo, Thomas Peyrin, Axel Poschmann, and Matthew J. B. Robshaw}},
  booktitle={Cryptographic Hardware and Embedded Systems},
  pages={326--341},
  year={2011},
  publisher={Springer}
}

@incollection{Klein,
  title={{KLEIN}: a new family of lightweight block ciphers},
  author={{Zheng Gong, Svetla Nikova and Yee Wei Law}},
  booktitle={RFID. Security and Privacy},
  pages={1--18},
  year={2012},
  publisher={Springer}
}

@incollection{Piccolo,
  title={Piccolo: an ultra-lightweight blockcipher},
  author={{Kyoji Shibutani, Takanori Isobe, Harunaga Hiwatari, Atsushi Mitsuda, Toru Akishita and Taizo Shirai}},
  booktitle={Cryptographic Hardware and Embedded Systems},
  pages={342--357},
  year={2011},
  publisher={Springer}
}

@inproceedings{TWINE,
  title={{TWINE}: A lightweight, versatile block cipher},
  author={{Tomoyasu Suzaki, Kazuhiko Minematsu, Sumio Morioka and Eita Kobayashi}},
  booktitle={ECRYPT Workshop on Lightweight Cryptography},
  pages={146--169},
  year={2011}
}

@incollection{ARX_1,
  title={Automatic Search for Differential Trails in {ARX} Ciphers},
  author={{Alex Biryukov and Vesselin Velichkov}},
  booktitle={Topics in Cryptology--CT-RSA 2014},
  pages={227--250},
  year={2014},
  publisher={Springer}
}

@misc{SMT_1,
    author = {{Nicky Mouha and Bart Preneel}},
    title = {Towards Finding Optimal Differential Characteristics for {ARX}: Application to {S}alsa20},
    howpublished = {IACR Cryptology ePrint Archive, Report 2013/328},
    year = {2013},
    note = {\url{http://eprint.iacr.org/2013/328}},
}


@inproceedings{Enocorov2_1,
  title={A hardware-oriented light weight pseudo-random number generator Enocoro-128v2},
  author={Watanabe, D and Okamoto, K and Kaneko, T},
  booktitle={The Symposium on Cryptography and Information Security},
  pages={3D1--3},
  year={2010}
}

@inproceedings{Enocorov2_2,
  title={Update on enocoro stream cipher},
  author={Watanabe, Dai and Owada, Toru and Okamoto, Kazuto and Igarashi, Yasutaka and Kaneko, Toshinobu},
  booktitle={Information Theory and its Applications (ISITA), 2010 International Symposium on},
  pages={778--783},
  year={2010},
  organization={IEEE}
}

@misc{Tool_MILPSBOX,
    author = {{Laura Winnen}},
    title = {Sage {S-box} MILP toolkit},
    note = {\url{http://www.ecrypt.eu.org/tools/sage-s-box-milp-toolkit}},
}


@inproceedings{Boomerang_attack,
  title={The boomerang attack},
  author={{David Wagner}},
  booktitle={Fast Software Encryption},
  pages={156--170},
  year={1999},
  organization={Springer}
}

@incollection{Impossible_differential,
  title={Impossible Differential Attack},
  author={{Alex Biryukov}},
  booktitle={Encyclopedia of Cryptography and Security},
  pages={597--597},
  year={2011},
  publisher={Springer}
}

@inproceedings{Truncated_differential,
  title={Truncated and higher order differentials},
  author={{Lars R. Knudsen}},
  booktitle={Fast Software Encryption},
  pages={196--211},
  year={1995},
  organization={Springer}
}

@inproceedings{DESL,
  title={New lightweight DES variants},
  author={Leander, Gregor and Paar, Christof and Poschmann, Axel and Schramm, Kai},
  booktitle={Fast Software Encryption},
  pages={196--210},
  year={2007},
  organization={Springer}
}

@inproceedings{DES_search_related-key,
  title={Search for related-key differential characteristics in {DES}-like ciphers},
  author={{Alex Biryukov and Ivica Nikoli{\'c} } },
  booktitle={Fast Software Encryption},
  pages={18--34},
  year={2011},
  organization={Springer}
}

@incollection{bounds_in_dark,
  title={Bounds in Shallows and in Miseries},
  author={{C{\'e}line Blondeau, Andrey Bogdanov and Gregor Leander}},
  booktitle={Advances in Cryptology--CRYPTO 2013},
  pages={204--221},
  year={2013},
  publisher={Springer}
}

@incollection{CDP1,
  title={Finding second preimages of short messages for Hamsi-256},
  author={Fuhr, Thomas},
  booktitle={Advances in Cryptology-ASIACRYPT 2010},
  pages={20--37},
  year={2010},
  publisher={Springer}
}

@incollection{CDP_2,
  title={Conditional differential cryptanalysis of {NLFSR}-based cryptosystems},
  author={Knellwolf, Simon and Meier, Willi and Naya-Plasencia, Maria},
  booktitle={Advances in Cryptology-ASIACRYPT 2010},
  pages={130--145},
  year={2010},
  publisher={Springer}
}
%%%%%%%%%%%%%%%%%%%%
@incollection{CDP_3,
  title={Conditional Differential Cryptanalysis of {Grain-128a}},
  author={Lehmann, Michael and Meier, Willi},
  booktitle={Cryptology and Network Security},
  pages={1--11},
  year={2012},
  publisher={Springer}
}

@inproceedings{CDP_4,
  title={Conditional differential cryptanalysis of trivium and KATAN},
  author={Knellwolf, Simon and Meier, Willi and Naya-Plasencia, Mar{\'\i}a},
  booktitle={Selected Areas in Cryptography},
  pages={200--212},
  year={2012},
  organization={Springer}
}

@misc{simon_spec,
    author = {{Ray Beaulieu, Douglas Shors, Jason Smith, Stefan Treatman-Clark, Bryan Weeks and Louis Wingers}},
    title = {The {SIMON} and {SPECK} Families of Lightweight Block Ciphers},
    howpublished = {IACR Cryptology ePrint Archive, Report 2013/404},
    year = {2013},
    note = {\url{http://eprint.iacr.org/2013/404}},
}

@inproceedings{tezcan2012improbable,
  title={Improbable Differential Attack on PRESENT using Undisturbed Bits},
  author={{Cihangir Tezcan}},
  booktitle={International Conference on Applied and Computational Mathematics},
  year={2013}
}


@incollection{aes_attack_1,
  title={Distinguisher and related-key attack on the full {AES-256}},
  author={{Alex Biryukov, Dmitry Khovratovich and Ivica Nikoli{\'c}}},
  booktitle={Advances in Cryptology--CRYPTO 2009},
  pages={231--249},
  year={2009},
  publisher={Springer}
}

@incollection{aes_attack_2,
  title={Related-key Cryptanalysis of the Full {AES-192} and {AES-256}},
  author={{Alex Biryukov and Dmitry Khovratovich}},
  booktitle={Advances in Cryptology--ASIACRYPT 2009},
  pages={1--18},
  year={2009},
  publisher={Springer}
}





%\bibliographystyle{unsrt}
%\bibliography{bib/tex}
@misc{sage,
  title={Sage: Open Source Mathematical Software},
  author={Stein, William and others},
  year={2008},
  publisher={The Sage Group}
}



@book{CG1,
  title={Handbook of discrete and computational geometry},
  author={{Jacob E. Goodman and Joseph O'Rourke}},
  year={2010},
  publisher={CRC press}
}

@article{CG2,
  title={Computational Geometry: An Introduction},
  author={{Franco P. Preparata and Michael I. Shamos}},
  publisher={Springer--Verlag},
  year={1985}
}
@book{CG3,
  title={Computational geometry in C},
  author={{Joseph O'Rourke}},
  year={1998},
  publisher={Cambridge university press}
}


%%%%%%%%% Differential and Linear Cryptanalysis %%%%%%%%%%%%%%%
@article{Source_of_DifferentialCryptanalysis,
  title={Differential cryptanalysis of {DES}-like cryptosystems},
  author={{Eli Biham and Adi Shamir}},
  journal={Journal of Cryptology},
  volume={4},
  number={1},
  pages={3--72},
  year={1991},
  publisher={Springer}
}


@inproceedings{Source_of_LinearCryptanalysis,
  title={Linear cryptanalysis method for {DES} cipher},
  author={Mitsuru Matsui},
  booktitle={Advances in Cryptology--EUROCRYPT 1993},
  pages={386--397},
  year={1994},
  organization={Springer}
}

@misc{ZeroCorrelationAttack,
  title={Zero Correlation Linear Cryptanalysis of Block Ciphers},
  author={{Andrey Bogdanov and Vincent Rijmen}},
  howpublished={IACR Cryptology ePrint Archive, Report 2011/123},
  year={2011},
  note = {\url{http://eprint.iacr.org/2011/123}}
}

@article{RelatedKey_biham1994new,
  title={New types of cryptanalytic attacks using related keys},
  author={{Eli Biham}},
  journal={Journal of Cryptology},
  volume={7},
  number={4},
  pages={229--246},
  year={1994},
  publisher={Springer}
}

%%%%%%%%% Miexd-Integer Programming Related %%%%%%%%%%%%%%%%%%%
@article{Cplex2011ibm,
  title={IBM Software Group},
  author={CPLEX, IBM ILOG},
  journal={User-Manual CPLEX},
  volume={12},
  year={2011}
}

@article{gurobi,
  title={Gurobi optimizer reference manual},
  author={{Gurobi Optimization}},
  note={\url{http://www.gurobi.com} },
  year={2013}
}

@book{Scip_achterbergscip,
  title={{SCIP}-a framework to integrate constraint and mixed integer programming},
  author={{Tobias Achterberg}},
  year={2004},
  publisher={Konrad-Zuse-Zentrum f{\"u}r Informationstechnik Berlin}
}

@incollection{MILP_Bivium,
  title={Bivium as a mixed-integer linear programming problem},
  author={{Julia Borghoff, Lars R. Knudsen and Mathias Stolpe}},
  booktitle={Cryptography and Coding},
  pages={133--152},
  year={2009},
  publisher={Springer}
}

@inproceedings{MILP_CodeBoot,
  title={Cold boot key recovery by solving polynomial systems with noise},
  author={Albrecht, Martin and Cid, Carlos},
  booktitle={Applied Cryptography and Network Security},
  pages={57--72},
  year={2011},
  organization={Springer}
}

@inproceedings{MILP_ActiveSobx_Counting,
  title={Differential and linear cryptanalysis using mixed-integer linear programming},
  author={{Nicky Mouha, Qingju Wang, Dawu Gu and Bart Preneel}},
  booktitle={Information Security and Cryptology},
  pages={57--76},
  year={2012},
  organization={Springer}
}

@misc{MILP_Feistel_WithSPN_Round,
  title={Security evaluation against differential cryptanalysis for block cipher structures},
  author={{Shengbao Wu and Mingsheng Wang}},
  year={2011},
  howpublished={IACR Cryptology ePrint Archive, Report 2011/551},
  note={\url{https://eprint.iacr.org/2011/551}}
}

@techreport{MILP_PrintCipher,
  title={Study of the invariant coset attack on pRInTcipher: more weak keys with practical key recovery},
  author={Bulygin, Stanislav and Walter, Michael},
  year={2012},
  institution={Cryptology eprint Archive, Report 2012/85}
}

@inproceedings{MILP_GusessStrategies,
  title={Optimizing Guessing Strategies for Algebraic Cryptanalysis with Applications to {EPCBC}},
  author={Walter, Michael and Bulygin, Stanislav and Buchmann, Johannes},
  booktitle={The 8th China International Conference on Information Security and Cryptology (Inscrypt 2012)},
  pages={},
  year={2012},
  organization={Springer}
}

%%%%%% Security Evaluation Against Linear/Differential Attacks %%%%%%
@article{Proof_meilingupper,
  title={The upper bounds on differential characteristics in block cipher SMS4},
  author={MeiLing, Zhang and JingMei, Liu and XinMei, Wang}
  journal={IACR Eprint Archive Report},
   volume={155},
   year={2010}
}

@article{Proof_wu2006security,
  title={On the security of generalized Feistel scheme with SP round function},
  author={Wu, Wenling and Zhang, Wentao and Lin, Dongdai},
  journal={International Journal of Network Security},
  volume={3},
  number={3},
  pages={215--224},
  year={2006}
}



@incollection{Wide_Trail_Strategy,
  title={The Wide Trail Strategy},
  author={Daemen, Joan and Rijmen, Vincent},
  booktitle={The Design of Rijndael},
  pages={123--147},
  year={2002},
  publisher={Springer}
}


@PhdThesis{Thesis_BlockCipher_Construction,
author = {{Andrey Bogdanov}},
title = {Analysis and Design of Block Cipher Constructions},
school = {Europ. Univ.-Verl},
year = {2010}
}

@article{MDS_Diffusion_Feistel,
  title={On unbalanced Feistel networks with contracting {MDS} diffusion},
  author={{Andrey Bogdanov}},
  journal={Designs, Codes and Cryptography},
  volume={59},
  number={1-3},
  pages={35--58},
  year={2011},
  publisher={Springer}
}

@inproceedings{kanda2001practical,
  title={Practical security evaluation against differential and linear cryptanalyses for Feistel ciphers with SPN round function},
  author={Kanda, Masayuki},
  booktitle={Selected Areas in Cryptography},
  pages={324--338},
  year={2001},
  organization={Springer}
}

@inproceedings{shibutani2011diffusion,
  title={On the diffusion of generalized Feistel structures regarding differential and linear cryptanalysis},
  author={Shibutani, Kyoji},
  booktitle={Selected Areas in Cryptography},
  pages={211--228},
  year={2011},
  organization={Springer}
}

%%%%%% Cold Boot and Fault Attacks %%%%%%
@article{ColdBoot_Attack,
  title={Lest we remember: cold-boot attacks on encryption keys},
  author={Halderman, J Alex and Schoen, Seth D and Heninger, Nadia and Clarkson, William and Paul, William and Calandrino, Joseph A and Feldman, Ariel J and Appelbaum, Jacob and Felten, Edward W},
  journal={Communications of the ACM},
  volume={52},
  number={5},
  pages={91--98},
  year={2009},
  publisher={ACM}
}


% Ciphers
@inproceedings{AES,
  title={{AES} {P}roposal: {R}ijndael},
  author={{Joan Daemen and Vincent Rijmen}},
  booktitle={Proceedings from the First Advanced Encryption Standard Candidate Conference},
  howpublished={National Institute of Standards and Technology (NIST)},
  year={1998}
}

@incollection{presentbogdanov2007,
  title={{PRESENT}: An ultra-lightweight block cipher},
  author={{Andrey Bogdanov, Lars R. Knudsen, Gregor Leander, Christof Paar, Axel Poschmann, Matthew J. B. Robshaw, Yannick Seurin and Charlotte Vikkelsoe}},
  booktitle={Cryptographic Hardware and Embedded Systems},
  pages={450--466},
  year={2007},
  publisher={Springer}
}


%%%%%%%%%%%%%%%%%%%%%%% New Adding %%%%%%%%%%%
@inproceedings{camellia,
  title={{C}amellia: A 128-Bit Block Cipher Suitable for Multiple Platforms—Design and Analysis},
  author={{Kazumaro Aoki, Tetsuya  Ichikawa, Masayuki Kanda, Mitsuru Matsui, Shiho Moriai, Junko Nakajima and Toshio Tokita}},
  booktitle={Selected Areas in Cryptography},
  pages={39--56},
  year={2001},
  organization={Springer}
}

@article{E2_Search,
  title={Differential path search of the block cipher {E}2},
  author={Matsui, MITSURU},
  journal={ISEC99-19},
  pages={57--64},
  year={1999}
}

@inproceedings{MILP_origin,
  title={A new method of solving some classes of extremal problems},
  author={Kantorovich, Leonid Vitalievich},
  booktitle={Doklady Akad Sci USSR},
  volume={28},
  pages={211--214},
  year={1940}
}

@incollection{Epcbc_Specification,
  title={{EPCBC}-A Block Cipher Suitable for Electronic Product Code Encryption},
  author={Yap, Huihui and Khoo, Khoongming and Poschmann, Axel and Henricksen, Matt},
  booktitle={Cryptology and Network Security},
  pages={76--97},
  year={2011},
  publisher={Springer}
}
@incollection{Printcipher_Specification,
  title={{PRINT}cipher: a block cipher for {IC}-printing},
  author={{Lars Knudsen, Gregor Leander, Axel Poschmann and Matthew J. B. Robshaw}},
  booktitle={Cryptographic Hardware and Embedded Systems},
  pages={16--32},
  year={2010},
  publisher={Springer}
}
@techreport{Fault_Zhao,
  title={Fault-propagation pattern based dfa on spn structure block ciphers using bitwise permutation, with application to {PRESENT} and printcipher},
  author={Zhao, Xin-jie and Wang, Tao and Guo, Shi-ze},
  year={2011},
  institution={IACR Cryptology ePrint Archive, Report 2011/086, Tech. Rep}
}

% % % % % % % fault analysis % % % % % % % %
@inproceedings{Fault_1st,
  title={On the importance of checking cryptographic protocols for faults},
  author={Boneh, Dan and DeMillo, Richard A and Lipton, Richard J},
  booktitle={Advances in Cryptology—EUROCRYPT’97},
  pages={37--51},
  year={1997},
  organization={Springer}
}
@incollection{Fault_symmetrickey,
  title={Differential fault analysis of secret key cryptosystems},
  author={{Eli Biham and Adi Shamir}},
  booktitle={Advances in Cryptology--CRYPTO 1997},
  pages={513--525},
  year={1997},
  publisher={Springer}
}

% % % % % % % % % % %PRINCE and MIBS % % % % % % % %
@incollection{Prince,
  title={{PRINCE}--A Low-latency Block Cipher for Pervasive Computing Applications},
  author={{Julia Borghoff, Anne Canteaut, Tim G{\"u}neysu, Elif Bilge Kavun, Miroslav Knezevic, Lars R. Knudsen, Gregor Leander, Ventzislav Nikov, Christof Paar, Christian Rechberger, and others}},
  booktitle={Advances in Cryptology--ASIACRYPT 2012},
  pages={208--225},
  year={2012},
  publisher={Springer}
}

@misc{eprint_prince,
  title={{PRINCE}--A Low-latency Block Cipher for Pervasive Computing Applications {Full version}},
  author={{Julia Borghoff, Anne Canteaut, Tim G{\"u}neysu, Elif Bilge Kavun, Lars R. Knudsen, Leander Gregor, Christof Paar, Christian Rechberger, Peter Rombouts and others}},
  year={2012},
  howpublished = {IACR Cryptology ePrint Archive, Report 2012/529},
  note = {\url{http://eprint.iacr.org/2012/529}}
}


@incollection{Mibs,
  title={{MIBS}: a new lightweight block cipher},
  author={{Maryam Izadi, Babak Sadeghiyan, Seyed Saeed Sadeghian and Hossein Arabnezhad Khanooki}},
  booktitle={Cryptology and Network Security},
  pages={334--348},
  year={2009},
  publisher={Springer}
}


% % % % % % 2013.7.10 % % % % % % %
@inproceedings{new_improbable_Present,
  title={Improbable Differential Attack on {PRESENT} using Undisturbed Bits},
  author={Tezcan, Cihangir},
  booktitle={International Conference on Applied and Computational Mathematics},
  year={2012}
}
@incollection{new_Algebraic_side-channel_analysis,
  title={Algebraic side-channel analysis in the presence of errors},
  author={Oren, Yossef and Kirschbaum, Mario and Popp, Thomas and Wool, Avishai},
  booktitle={Cryptographic Hardware and Embedded Systems, CHES 2010},
  pages={428--442},
  year={2010},
  publisher={Springer}
}
@article{new_williams1999model,
  title={Model building in mathematical programming},
  author={Williams, Hilary Paul},
  year={1999},
  publisher={Wiley}
}
@article{new_williams1977logical,
  title={Logical problems and integer programming},
  author={Williams, H Paul},
  journal={Bulletin of the Institute of Mathematics and its Applications},
  volume={13},
  pages={18--20},
  year={1977},
  publisher={Institute of Mathematics and its Applications}
}
@article{new_bulygin12study,
  title={Study of the invariant coset attack on: more weak keys with practical key recovery},
  author={Bulygin12, Stanislav and Walter, Michael}
}

@incollection{new_biryukov2010automatic,
  title={Automatic search for related-key differential characteristics in byte-oriented block ciphers: Application to {AES, Camellia, Khazad} and others},
  author={{Alex Biryukov and Ivica Nikoli{\'c}} },
  booktitle={Advances in Cryptology--EUROCRYPT 2010},
  pages={322--344},
  year={2010},
  publisher={Springer}
}

% % % % 2013.7.25 % % % % % %
@inproceedings{standard_conversion,
  title={The polynomial method in circuit complexity},
  author={Beigel, Richard},
  booktitle={Structure in Complexity Theory Conference, 1993., Proceedings of the Eighth Annual},
  pages={82--95},
  year={1993},
  organization={IEEE}
}

@article{adapted_conversion,
  title={Numerical solvers and cryptanalysis},
  author={Lamberger, Mario and Nad, Tomislav and Rijmen, Vincent},
  journal={Journal of mathematical cryptology},
  volume={3},
  number={3},
  pages={249--263},
  year={2009}
}

@inproceedings{python,
  title={Python Programming Language.},
  author={Van Rossum, Guido and others},
  booktitle={USENIX Annual Technical Conference},
  year={2007}
}

@inproceedings{improbable_differential_present,
  title={Improbable Differential Attack on {PRESENT} using Undisturbed Bits},
  author={Tezcan, Cihangir},
  booktitle={International Conference on Applied and Computational Mathematics},
  year={2012}
}




@inproceedings{mypaper,
  title={Automatic Security Evaluation of Block Ciphers with {S-bP} Structures against Related-key Differential Attacks},
  author={{Siwei Sun, Lei Hu, Ling Song, Yonghong Xie and Peng Wang}},
  booktitle={Inscrypt 2013},
  year={2014},
}

@inproceedings{mynewpaper,
  title={{Automatic Security Evaluation and (Related-key) Differential Characteristic Search: Application to SIMON, PRESENT, LBlock, DES(L) and Other Bit-oriented Block Ciphers}},
  author={{Siwei Sun, Lei Hu, Peng Wang, Kexin Qiao, Xiaoshuang Ma and Ling Song}},
  booktitle={Advances in Cryptology--ASIACRYPT 2014},
  year={2014},
}


% % % % % % % % Crypto, EuroCrypt % % % % % % % %
@incollection{Pierre-Alain_Fouque_structure_AES,
year={2013},
booktitle={Advances in Cryptology--CRYPTO 2013},
title={{Structural Evaluation of AES and Chosen-Key Distinguisher of 9-Round AES-128}},
publisher={Springer},
author={{Pierre-Alain Fouque, J{\'e}r{\'e}my Jean and Thomas Peyrin}},
pages={183-203}
}



%2013.9.19
@inproceedings{lblock,
  title={{LB}lock: a lightweight block cipher},
  author={{Wenling Wu and Lei Zhang}},
  booktitle={Applied Cryptography and Network Security},
  pages={327--344},
  year={2011},
  organization={Springer}
}

@article{MILP:originalsource,
  title={On unbalanced Feistel networks with contracting {MDS} diffusion},
  author={{Andrey Bogdanov}},
  journal={Designs, Codes and Cryptography},
  volume={59},
  number={1-3},
  pages={35--58},
  year={2011},
  publisher={Springer}
}

@incollection{wushengbao_impossible,
  title={Automatic Search of Truncated Impossible Differentials for Word-Oriented Block Ciphers},
  author={Wu, Shengbao and Wang, Mingsheng},
  booktitle={Progress in Cryptology-INDOCRYPT 2012},
  pages={283--302},
  year={2012},
  publisher={Springer}
}

@inproceedings{serpent,
  title={Serpent: A new block cipher proposal},
  author={{Eli Biham, Ross Anderson and Lars Knudsen}},
  booktitle={Fast Software Encryption},
  pages={222--238},
  year={1998},
  organization={Springer}
}

@book{vhdl,
  title={Circuit design with {VHDL}},
  author={Pedroni, Volnei A},
  year={2004},
  publisher={The MIT Press}
}







